@BOOKLET{script,

TITLE		= "Computational Physics II",
AUTHOR	= "Ulli Wolff", 
YEAR		= "WS 2013/14",
NOTE		= "Modul 22.1 Nasterstudiengang Physik",

}
